% This file was created with JabRef 2.10.
% Encoding: MacCyrillic


@Book{Алексеевский1962,
  Title                    = {Такелажные работы},
  Author                   = {Алексеевский, Ф.},
  Publisher                = {«Речной транспорт»},
  Year                     = {1962},

  Address                  = {М.},

  Owner                    = {drblez},
  Timestamp                = {2015.07.27}
}

@Book{Григорьев1967,
  Title                    = {Судовые такелажные работы},
  Author                   = {Григорьев, В. and Грязнов, В},
  Publisher                = {«Транспорт»},
  Year                     = {1967},

  Address                  = {М.},
  Edition                  = {Атлас. Изд. 3, исправленное и дополненное},

  Owner                    = {drblez},
  Timestamp                = {2015.07.27}
}

@Book{Крючков1967,
  Title                    = {Парусные катамараны},
  Author                   = {Крючков, Ю. and Лапин, В.},
  Publisher                = {«Судостроение»},
  Year                     = {1967},

  Address                  = {Л.},
  Edition                  = {Изд. 2, переработанное и дополненное},

  Owner                    = {drblez},
  Timestamp                = {2015.07.27}
}

@Book{Мархаи1970,
  Title                    = {Теория плавания под парусами},
  Author                   = {Мархаи, Ч.},
  Publisher                = {ФиС},
  Year                     = {1970},
  Edition                  = {Пер. с польского. Изд. 2, переработанное и дополненное},

  Owner                    = {drblez},
  Timestamp                = {2015.07.27}
}

@Book{,
  Author                   = {Мизерицкий, А. and Семенов,  Ю.},

  Owner                    = {drblez},
  Timestamp                = {2015.07.27}
}

@Book{Шульт1960,
  Title                    = {Под парусом},
  Author                   = {Шульт, И.},
  Publisher                = {ФиС},
  Year                     = {1960},
  Edition                  = {Пер. с нем},

  Owner                    = {drblez},
  Timestamp                = {2015.07.27}
}

